750 1256
125 120 159 132 vm
322 115 456 132 EDIToms

124 158 145 170 re
157 151 248 170 desiderio
261 151 377 170 eruditissimi
392 151 467 170 editoris
479 152 596 170 Bihliotheooe
610 152 665 176 hujus

125 182 290 201 elassioeeissxhibet
297 182 353 201 editio
359 182 396 205 iun,
401 183 432 201 sia
438 183 501 207 paucis
507 183 665 201 immutationibus

125 213 236 236 discesseris,
244 213 342 232 lectionem
354 214 455 239 praesertim
459 214 536 236 Vorstii,
544 215 576 239 qui
584 218 665 236 textum,

124 244 226 263 multorum
232 245 286 269 nugis
292 245 410 269 depravatum
415 259 420 267 ‚
426 244 450 263 ab
456 245 522 269 injuria
528 245 665 263 emendantium

125 275 234 298 defendere,
243 281 317 300 suaeque
325 276 425 300 integritati
435 275 488 294 codd.
499 277 666 301 manuscriptorum

125 313 161 332 ope
177 307 272 325 restituere
287 310 314 325 est
328 310 410 325 conatus.
424 307 476 330 Quos
487 307 599 326 Bibliotheca
610 308 667 332 Regia

125 341 185 356 servat
193 337 266 356 codices
275 337 342 356 Valerii
351 337 495 363 duodetriginta,
503 338 526 356 n⁰
535 338 613 363 5839—
619 338 667 357 5860

125 373 144 387 et
156 368 287 391 &aei-6150,
297 369 340 387 item
352 369 406 387 nobis
417 369 499 388 subsidio
510 369 594 393 fuerunt,
604 370 667 394 prxeci-

126 406 163 425 pue
175 400 221 418 (lod,
230 399 289 425 5839,
297 400 378 418 melioris
386 404 435 419 notae
445 407 449 418 z
459 407 502 419 nam
513 400 579 425 reliqui
592 407 667 423 omnes,

125 437 173 455 quos
180 431 246 455 passim
255 431 378 456 inspeximus,
388 431 449 449 minus
458 431 513 449 utiles
521 431 621 456 praeferunt
630 431 667 450 lee-

127 462 199 480 tionum
209 462 313 484 varietates,
322 465 340 480 et
349 461 432 480 futurum
442 468 518 487 quoque
525 462 614 481 editorem
622 462 668 480 nihil

127 493 214 517 (opinor)
228 499 340 518 magnopere
355 492 474 517 adjuvabunt
489 493 558 518 Bisque
572 494 630 518 copiis
643 494 668 511 ita

127 524 188 542 conati
201 530 265 542 sumus
276 524 312 547 uti,
319 528 340 542 ut
351 530 391 542 non
402 524 508 543 dubitemus
520 525 567 549 quin
575 524 668 543 Valerium

127 554 222 579 aliquanto
231 561 287 579 quam
298 555 375 573 antehac
384 555 528 573 emendatiorem
537 555 634 573 habiturus
646 556 669 574 sit

127 586 192 604 lector*

153 618 284 636 commentarii
293 617 351 636 textui
360 617 438 642 subjecti
446 617 484 642 jam
495 624 579 643 quamam
589 618 637 636 ratio
647 618 670 636 sit

128 648 252 667 ostendamus.
270 650 348 674 Magnus
362 655 406 667 sane
420 655 510 667 numerus
526 652 553 667 est
567 649 670 667 editionum

127 680 203 702 Valerii,
216 686 257 704 quae
269 679 293 698 ab
304 680 380 698 inventa
392 680 435 698 inde
449 680 569 705 typographia
580 680 599 698 in
609 680 670 699 lunen»

128 711 239 736 prodierunt
253 718 257 729 ε
269 711 382 736 grammatici
399 711 469 729 seculis
487 711 613 736 superioribus
631 717 670 737 nou

129 742 240 764 incelebres,
248 742 370 767 hominesque
377 742 396 760 in
405 742 480 760 historia
485 742 555 766 magni,
562 746 594 760 aut
599 742 670 768 urbana

129 773 181 791 latini
192 773 281 791 sermonis
292 773 405 798 expolitione
414 773 469 795 culti,
480 773 501 791 in
511 773 620 791 illustrando
627 779 670 791 auc-

129 808 170 822 tore
186 807 250 822 nostro
265 810 340 828 operam
354 807 458 828 posuerunt
476 803 576 822 admodum
592 803 669 822 felicem.

129 835 166 853 Sed
175 841 239 854 eorum
249 839 302 853 notas
313 841 378 853 omnes
389 835 426 853 huc
438 834 566 853 transfundere
578 834 669 853 infinitum

129 865 203 888 fuisset,
212 869 231 884 et
240 866 324 884 instituto
333 869 398 884 nostro
407 866 543 884 alienissimum.
552 867 602 884 Inter
609 871 671 884 reeen-

129 897 185 915 tiores
198 896 288 915 editiones
300 897 401 921 principem
413 897 474 915 locum
484 900 558 919 tenent,
568 902 614 921 quas
625 897 670 914 Tur-

130 922 187 950 renii,
197 928 273 953 Kappii,
282 927 382 946 Helfrechti
392 934 440 946 curse
451 927 545 946 debemus.
557 928 585 945 De
595 927 671 952 quibus,

129 959 229 977 Torrenius
237 959 327 977 variantes
337 959 425 977 lectiones
434 958 498 977 sedulo
505 959 587 983 collegit,
596 965 616 977 ac
623 964 671 977 sum·

131 996 181 1008 mum
188 990 269 1015 prodidit
272 989 362 1014 judicium
369 991 388 1008 in
394 994 446 1008 textu
452 990 582 1008 constituendo
590 996 594 1007 z
601 989 670 1014 ubique

130 1024 191 1040 autem
205 1022 283 1046 integras
296 1021 373 1040 aliorum
386 1025 439 1040 notas
455 1021 512 1040 textui
524 1021 611 1045 subjecit,
621 1020 671 1039 unde
